
@misc{BMPdoc100req,
  title = {Requirements for {{Measurement}} of {{Biochemical Methane Potential}} ({{BMP}}). {{Standard BMP Methods}} Document 100, Version 1.3.},
  author = {Holliger, Christof and {Fruteau de Laclos}, H{\'e}l{\`e}ne and Hafner, Sasha D. and Koch, Konrad and Weinrich, S{\"o}ren and Astals, Sergi and Alves, Madalena and Andrade, Diana and Angelidaki, Irini and Appels, Lise and Azman, Samet and Bagnoud, Alexandre and Baier, Urs and Bajon Fernandez, Yadira and Bartacek, Jan and Battista, Federico and Bolzonella, David and Bougrier, Claire and Braguglia, Camilla and Buffi{\`e}re, Pierre and Carballa, Marta and Catenacci, Arianna and Dandikas, Vasilis and {de Wilde}, Fabian and Ekwe, Sylvanus and Ficara, Elena and Fotidis, Ioannis and Frigon, Jean-Claude and Heerenklage, Joern and Jenicek, Pavel and Krautwald, Judith and Lindeboom, Ralph and Liu, Jing and Lizasoain, Javier and Marchetti, Rosa and Moulan, Florian and Nistor, Mihaela and Oechsner, Hans and Oliveira, Jo{\~a}o V{\'i}tor and Pauss, Andr{\'e} and Pommier, S{\'e}bastien and Raposo, Francisco and Ribeiro, Thierry and Schaum, Christian and Schuman, Els and Schwede, Sebastian and Soldano, Mariangela and Taboada, Anton and Torrijos, Michel and {van Eekert}, Miriam and {van Lier}, Jules and Wierinck, Isabella},
  year = {2020},
  url = {https://www.dbfz.de/en/BMP},
  urldate = {2020-04-19},
  keywords = {BMP-methods docs,Standard BMP Methods}
}

@misc{BMPdoc200BMP,
  title = {Calculation of {{Biochemical Methane Potential}} ({{BMP}}). {{Standard BMP Methods}} Document 200, Version 1.6.},
  author = {Hafner, Sasha D. and Astals, Sergi and Holliger, Christof and Koch, Konrad and Weinrich, S{\"o}ren},
  year = {2020},
  url = {https://www.dbfz.de/en/BMP},
  urldate = {2020-04-19},
  keywords = {BMP-methods docs}
}

@misc{BMPdoc201vol,
  title = {Calculation of {{Methane Production}} from {{Volumetric Measurements}}. {{Standard BMP Methods}} Document 201, Version 1.5.},
  author = {Hafner, Sasha D. and L{\o}jborg, Nanna and Astals, Sergi and Holliger, Christof and Koch, Konrad and Weinrich, S{\"o}ren},
  year = {2020},
  url = {https://www.dbfz.de/en/BMP},
  urldate = {2020-04-19},
  keywords = {BMP-methods docs}
}

@misc{BMPdoc202man,
  title = {Calculation of {{Methane Production}} from {{Manometric Measurements}}. {{Standard BMP Methods}} Document 202, Version 2.5.},
  author = {Hafner, Sasha D. and Astals, Sergi and Buffiere, Pierre and L{\o}jborg, Nanna and Holliger, Christof and Koch, Konrad and Weinrich, S{\"o}ren},
  year = {2020},
  url = {https://www.dbfz.de/en/BMP},
  urldate = {2020-04-19},
  keywords = {BMP-methods docs,Standard BMP Methods}
}

@misc{BMPdoc203grav,
  title = {Calculation of {{Methane Production}} from {{Gravimetric Measurements}}. {{Standard BMP Methods}} Document 203, Version 1.0.},
  author = {Hafner, Sasha D. and Richards, Brian K. and Astals, Sergi and Holliger, Christof and Koch, Konrad and Weinrich, S{\"o}ren},
  year = {2020},
  url = {https://www.dbfz.de/en/BMP},
  urldate = {2020-04-19},
  keywords = {BMP-methods docs,Standard BMP Methods}
}

@misc{BMPdoc204gasdens,
  title = {Calculation of {{Methane Production}} from {{Gas Density}}-{{Based Measurements}}. {{Standard BMP Methods}} Document 204, Version 1.5.},
  author = {Hafner, Sasha D. and Justesen, Camilla and Thorsen, Rasmus and Astals, Sergi and Holliger, Christof and Koch, Konrad and Weinrich, S{\"o}ren},
  year = {2020},
  url = {https://www.dbfz.de/en/BMP},
  urldate = {2020-04-19},
  keywords = {BMP-methods docs,Standard BMP Methods}
}


